<?xml version="1.0" encoding="UTF-8"?><collection xmlns="http://www.loc.gov/MARC21/slim"><record><leader>00523nam--2200193-u-4500</leader><controlfield tag="001">000050298</controlfield><controlfield tag="002">20161230</controlfield><controlfield tag="003">81674</controlfield><controlfield tag="005">20161230201048</controlfield><controlfield tag="008">060511s1000------------r-----000-0-eng-d</controlfield><datafield ind1=" " ind2=" " tag="040"><subfield code="a">IFIN-HH</subfield></datafield><datafield ind1=" " ind2=" " tag="080"><subfield code="a">514.174</subfield></datafield><datafield ind1="1" ind2=" " tag="100"><subfield code="a">Falconer, Kenneth</subfield></datafield><datafield ind1="1" ind2="0" tag="245"><subfield code="a">Fractal Geometry</subfield><subfield code="b">Mathematical Foundations and Applications</subfield><subfield code="c">Kenneth Falconer</subfield></datafield><datafield ind1=" " ind2=" " tag="250"><subfield code="a">Second Edition</subfield></datafield><datafield ind1=" " ind2=" " tag="260"><subfield code="a">Chichester</subfield><subfield code="b">John Wiley &amp; Sons Ltd</subfield><subfield code="c">2003</subfield></datafield><datafield ind1=" " ind2=" " tag="300"><subfield code="a">xxvii+337 p</subfield></datafield><datafield ind1=" " ind2=" " tag="852"><subfield code="a">81674</subfield><subfield code="c">513</subfield></datafield><datafield ind1=" " ind2=" " tag="CAT"><subfield code="a">Sys</subfield><subfield code="c">20160205</subfield><subfield code="h">092255</subfield></datafield></record></collection>